<?xml version="1.0" encoding="UTF-8"?><collection xmlns="http://www.loc.gov/MARC21/slim"><record><leader>00569nam--2200193-i-4500</leader><controlfield tag="001">000046761</controlfield><controlfield tag="002">20161230</controlfield><controlfield tag="005">20161230201046</controlfield><controlfield tag="008">060222s1000------------r-----000-0-eng-d</controlfield><datafield ind1=" " ind2=" " tag="040"><subfield code="a">IFIN-HH</subfield></datafield><datafield ind1=" " ind2=" " tag="080"><subfield code="a">51(021):519.2</subfield></datafield><datafield ind1="1" ind2=" " tag="100"><subfield code="a">Wald, Abraham</subfield><subfield code="e">Institute Of Mathematical Statistics</subfield></datafield><datafield ind1="1" ind2="0" tag="245"><subfield code="a">Selected papers in statistics and probability</subfield><subfield code="c">Abraham wald</subfield></datafield><datafield ind1=" " ind2=" " tag="260"><subfield code="a">New York, Mcgraw-hill, 1955,</subfield></datafield><datafield ind1=" " ind2=" " tag="300"><subfield code="a">X+702P.+1 PORTR</subfield></datafield><datafield ind1=" " ind2=" " tag="490"><subfield code="a">Inst.Of Mathematical Statistics</subfield></datafield><datafield ind1=" " ind2=" " tag="650"><subfield code="a">Probabilities</subfield></datafield><datafield ind1=" " ind2=" " tag="852"><subfield code="a">11969</subfield><subfield code="c">519.2</subfield></datafield><datafield ind1=" " ind2=" " tag="CAT"><subfield code="a">Sys</subfield><subfield code="c">20100517</subfield><subfield code="h">121854</subfield></datafield></record></collection>